
@ARTICLE{2013A&A...558A..33A,
       author = {{Astropy Collaboration} and {Robitaille}, Thomas P. and {Tollerud}, Erik J. and {Greenfield}, Perry and {Droettboom}, Michael and {Bray}, Erik and {Aldcroft}, Tom and {Davis}, Matt and {Ginsburg}, Adam and {Price-Whelan}, Adrian M. and {Kerzendorf}, Wolfgang E. and {Conley}, Alexander and {Crighton}, Neil and {Barbary}, Kyle and {Muna}, Demitri and {Ferguson}, Henry and {Grollier}, Fr{\'e}d{\'e}ric and {Parikh}, Madhura M. and {Nair}, Prasanth H. and {Unther}, Hans M. and {Deil}, Christoph and {Woillez}, Julien and {Conseil}, Simon and {Kramer}, Roban and {Turner}, James E.~H. and {Singer}, Leo and {Fox}, Ryan and {Weaver}, Benjamin A. and {Zabalza}, Victor and {Edwards}, Zachary I. and {Azalee Bostroem}, K. and {Burke}, D.~J. and {Casey}, Andrew R. and {Crawford}, Steven M. and {Dencheva}, Nadia and {Ely}, Justin and {Jenness}, Tim and {Labrie}, Kathleen and {Lim}, Pey Lian and {Pierfederici}, Francesco and {Pontzen}, Andrew and {Ptak}, Andy and {Refsdal}, Brian and {Servillat}, Mathieu and {Streicher}, Ole},
        title = "{Astropy: A community Python package for astronomy}",
      journal = {\aap},
     keywords = {methods: data analysis, methods: miscellaneous, virtual observatory tools, Astrophysics - Instrumentation and Methods for Astrophysics},
         year = 2013,
        month = oct,
       volume = {558},
          eid = {A33},
        pages = {A33},
          doi = {10.1051/0004-6361/201322068},
archivePrefix = {arXiv},
       eprint = {1307.6212},
 primaryClass = {astro-ph.IM},
       adsurl = {https://ui.adsabs.harvard.edu/abs/2013A&A...558A..33A},
      adsnote = {Provided by the SAO/NASA Astrophysics Data System}
}

@ARTICLE{2018AJ....156..123A,
       author = {{Astropy Collaboration} and {Price-Whelan}, A.~M. and {Sip{\H{o}}cz}, B.~M. and {G{\"u}nther}, H.~M. and {Lim}, P.~L. and {Crawford}, S.~M. and {Conseil}, S. and {Shupe}, D.~L. and {Craig}, M.~W. and {Dencheva}, N. and {Ginsburg}, A. and {VanderPlas}, J.~T. and {Bradley}, L.~D. and {P{\'e}rez-Su{\'a}rez}, D. and {de Val-Borro}, M. and {Aldcroft}, T.~L. and {Cruz}, K.~L. and {Robitaille}, T.~P. and {Tollerud}, E.~J. and {Ardelean}, C. and {Babej}, T. and {Bach}, Y.~P. and {Bachetti}, M. and {Bakanov}, A.~V. and {Bamford}, S.~P. and {Barentsen}, G. and {Barmby}, P. and {Baumbach}, A. and {Berry}, K.~L. and {Biscani}, F. and {Boquien}, M. and {Bostroem}, K.~A. and {Bouma}, L.~G. and {Brammer}, G.~B. and {Bray}, E.~M. and {Breytenbach}, H. and {Buddelmeijer}, H. and {Burke}, D.~J. and {Calderone}, G. and {Cano Rodr{\'\i}guez}, J.~L. and {Cara}, M. and {Cardoso}, J.~V.~M. and {Cheedella}, S. and {Copin}, Y. and {Corrales}, L. and {Crichton}, D. and {D'Avella}, D. and {Deil}, C. and {Depagne}, {\'E}. and {Dietrich}, J.~P. and {Donath}, A. and {Droettboom}, M. and {Earl}, N. and {Erben}, T. and {Fabbro}, S. and {Ferreira}, L.~A. and {Finethy}, T. and {Fox}, R.~T. and {Garrison}, L.~H. and {Gibbons}, S.~L.~J. and {Goldstein}, D.~A. and {Gommers}, R. and {Greco}, J.~P. and {Greenfield}, P. and {Groener}, A.~M. and {Grollier}, F. and {Hagen}, A. and {Hirst}, P. and {Homeier}, D. and {Horton}, A.~J. and {Hosseinzadeh}, G. and {Hu}, L. and {Hunkeler}, J.~S. and {Ivezi{\'c}}, {\v{Z}}. and {Jain}, A. and {Jenness}, T. and {Kanarek}, G. and {Kendrew}, S. and {Kern}, N.~S. and {Kerzendorf}, W.~E. and {Khvalko}, A. and {King}, J. and {Kirkby}, D. and {Kulkarni}, A.~M. and {Kumar}, A. and {Lee}, A. and {Lenz}, D. and {Littlefair}, S.~P. and {Ma}, Z. and {Macleod}, D.~M. and {Mastropietro}, M. and {McCully}, C. and {Montagnac}, S. and {Morris}, B.~M. and {Mueller}, M. and {Mumford}, S.~J. and {Muna}, D. and {Murphy}, N.~A. and {Nelson}, S. and {Nguyen}, G.~H. and {Ninan}, J.~P. and {N{\"o}the}, M. and {Ogaz}, S. and {Oh}, S. and {Parejko}, J.~K. and {Parley}, N. and {Pascual}, S. and {Patil}, R. and {Patil}, A.~A. and {Plunkett}, A.~L. and {Prochaska}, J.~X. and {Rastogi}, T. and {Reddy Janga}, V. and {Sabater}, J. and {Sakurikar}, P. and {Seifert}, M. and {Sherbert}, L.~E. and {Sherwood-Taylor}, H. and {Shih}, A.~Y. and {Sick}, J. and {Silbiger}, M.~T. and {Singanamalla}, S. and {Singer}, L.~P. and {Sladen}, P.~H. and {Sooley}, K.~A. and {Sornarajah}, S. and {Streicher}, O. and {Teuben}, P. and {Thomas}, S.~W. and {Tremblay}, G.~R. and {Turner}, J.~E.~H. and {Terr{\'o}n}, V. and {van Kerkwijk}, M.~H. and {de la Vega}, A. and {Watkins}, L.~L. and {Weaver}, B.~A. and {Whitmore}, J.~B. and {Woillez}, J. and {Zabalza}, V. and {Astropy Contributors}},
        title = "{The Astropy Project: Building an Open-science Project and Status of the v2.0 Core Package}",
      journal = {\aj},
     keywords = {methods: data analysis, methods: miscellaneous, methods: statistical, reference systems, Astrophysics - Instrumentation and Methods for Astrophysics},
         year = 2018,
        month = sep,
       volume = {156},
       number = {3},
          eid = {123},
        pages = {123},
          doi = {10.3847/1538-3881/aabc4f},
archivePrefix = {arXiv},
       eprint = {1801.02634},
 primaryClass = {astro-ph.IM},
       adsurl = {https://ui.adsabs.harvard.edu/abs/2018AJ....156..123A},
      adsnote = {Provided by the SAO/NASA Astrophysics Data System}
}


% \bibitem[Bundy et al.(2015)]{2015ApJ...798....7B} Bundy, K., Bershady,
% M.~A., Law, D.~R., et al.\ 2015, \apj, 798, 7 
@ARTICLE{2015ApJ...798....7B,
   author = {{Bundy}, K. and {Bershady}, M.~A. and {Law}, D.~R. and {Yan}, R. and 
    {Drory}, N. and {MacDonald}, N. and {Wake}, D.~A. and {Cherinka}, B. and 
    {S{\'a}nchez-Gallego}, J.~R. and {Weijmans}, A.-M. and {Thomas}, D. and 
    {Tremonti}, C. and {Masters}, K. and {Coccato}, L. and {Diamond-Stanic}, A.~M. and 
    {Arag{\'o}n-Salamanca}, A. and {Avila-Reese}, V. and {Badenes}, C. and 
    {Falc{\'o}n-Barroso}, J. and {Belfiore}, F. and {Bizyaev}, D. and 
    {Blanc}, G.~A. and {Bland-Hawthorn}, J. and {Blanton}, M.~R. and 
    {Brownstein}, J.~R. and {Byler}, N. and {Cappellari}, M. and 
    {Conroy}, C. and {Dutton}, A.~A. and {Emsellem}, E. and {Etherington}, J. and 
    {Frinchaboy}, P.~M. and {Fu}, H. and {Gunn}, J.~E. and {Harding}, P. and 
    {Johnston}, E.~J. and {Kauffmann}, G. and {Kinemuchi}, K. and 
    {Klaene}, M.~A. and {Knapen}, J.~H. and {Leauthaud}, A. and 
    {Li}, C. and {Lin}, L. and {Maiolino}, R. and {Malanushenko}, V. and 
    {Malanushenko}, E. and {Mao}, S. and {Maraston}, C. and {McDermid}, R.~M. and 
    {Merrifield}, M.~R. and {Nichol}, R.~C. and {Oravetz}, D. and 
    {Pan}, K. and {Parejko}, J.~K. and {Sanchez}, S.~F. and {Schlegel}, D. and 
    {Simmons}, A. and {Steele}, O. and {Steinmetz}, M. and {Thanjavur}, K. and 
    {Thompson}, B.~A. and {Tinker}, J.~L. and {van den Bosch}, R.~C.~E. and 
    {Westfall}, K.~B. and {Wilkinson}, D. and {Wright}, S. and {Xiao}, T. and 
    {Zhang}, K.},
    title = "{Overview of the SDSS-IV MaNGA Survey: Mapping nearby Galaxies at Apache Point Observatory}",
  journal = {\apj},
archivePrefix = "arXiv",
   eprint = {1412.1482},
 keywords = {galaxies: evolution, galaxies: general, surveys, techniques: imaging spectroscopy },
     year = 2015,
    month = jan,
   volume = 798,
      eid = {7},
    pages = {7},
      doi = {10.1088/0004-637X/798/1/7},
   adsurl = {http://adsabs.harvard.edu/abs/2015ApJ...798....7B},
  adsnote = {Provided by the SAO/NASA Astrophysics Data System}
}

@Article{         harris2020array,
 title         = {Array programming with {NumPy}},
 author        = {Charles R. Harris and K. Jarrod Millman and St{'{e}}fan J.
                 van der Walt and Ralf Gommers and Pauli Virtanen and David
                 Cournapeau and Eric Wieser and Julian Taylor and Sebastian
                 Berg and Nathaniel J. Smith and Robert Kern and Matti Picus
                 and Stephan Hoyer and Marten H. van Kerkwijk and Matthew
                 Brett and Allan Haldane and Jaime Fern{'{a}}ndez del
                 R{'{\i}}o and Mark Wiebe and Pearu Peterson and Pierre
                 G{'{e}}rard-Marchant and Kevin Sheppard and Tyler Reddy and
                 Warren Weckesser and Hameer Abbasi and Christoph Gohlke and
                 Travis E. Oliphant},
 year          = {2020},
 month         = sep,
 journal       = {Nature},
 volume        = {585},
 number        = {7825},
 pages         = {357--362},
 doi           = {10.1038/s41586-020-2649-2},
 publisher     = {Springer Science and Business Media {LLC}},
 url           = {https://doi.org/10.1038/s41586-020-2649-2}
}

@Article{Hunter:2007,
  Author    = {Hunter, J. D.},
  Title     = {Matplotlib: A 2D graphics environment},
  Journal   = {Computing in Science \& Engineering},
  Volume    = {9},
  Number    = {3},
  Pages     = {90--95},
  abstract  = {Matplotlib is a 2D graphics package used for Python for
  application development, interactive scripting, and publication-quality
  image generation across user interfaces and operating systems.},
  publisher = {IEEE COMPUTER SOC},
  doi       = {10.1109/MCSE.2007.55},
  year      = 2007
}

% \bibitem[Law et al.(2015)]{2015AJ....150...19L} Law, D.~R., Yan, R.,
% Bershady, M.~A., et al.\ 2015, \aj, 150, 19 
@ARTICLE{2015AJ....150...19L,
   author = {{Law}, D.~R. and {Yan}, R. and {Bershady}, M.~A. and {Bundy}, K. and 
    {Cherinka}, B. and {Drory}, N. and {MacDonald}, N. and {S{\'a}nchez-Gallego}, J.~R. and 
    {Wake}, D.~A. and {Weijmans}, A.-M. and {Blanton}, M.~R. and 
    {Klaene}, M.~A. and {Moran}, S.~M. and {Sanchez}, S.~F. and 
    {Zhang}, K.},
    title = "{Observing Strategy for the SDSS-IV/MaNGA IFU Galaxy Survey}",
  journal = {\aj},
archivePrefix = "arXiv",
   eprint = {1505.04285},
 primaryClass = "astro-ph.IM",
 keywords = {atmospheric effects, methods: observational, surveys, techniques: imaging spectroscopy},
     year = 2015,
    month = jul,
   volume = 150,
      eid = {19},
    pages = {19},
      doi = {10.1088/0004-6256/150/1/19},
   adsurl = {http://adsabs.harvard.edu/abs/2015AJ....150...19L},
  adsnote = {Provided by the SAO/NASA Astrophysics Data System}
}


@ARTICLE{2020SciPy-NMeth,
  author  = {Virtanen, Pauli and Gommers, Ralf and Oliphant, Travis E. and
            Haberland, Matt and Reddy, Tyler and Cournapeau, David and
            Burovski, Evgeni and Peterson, Pearu and Weckesser, Warren and
            Bright, Jonathan and {van der Walt}, St{\'e}fan J. and
            Brett, Matthew and Wilson, Joshua and Millman, K. Jarrod and
            Mayorov, Nikolay and Nelson, Andrew R. J. and Jones, Eric and
            Kern, Robert and Larson, Eric and Carey, C J and
            Polat, {\.I}lhan and Feng, Yu and Moore, Eric W. and
            {VanderPlas}, Jake and Laxalde, Denis and Perktold, Josef and
            Cimrman, Robert and Henriksen, Ian and Quintero, E. A. and
            Harris, Charles R. and Archibald, Anne M. and
            Ribeiro, Ant{\^o}nio H. and Pedregosa, Fabian and
            {van Mulbregt}, Paul and {SciPy 1.0 Contributors}},
  title   = {{{SciPy} 1.0: Fundamental Algorithms for Scientific
            Computing in Python}},
  journal = {Nature Methods},
  year    = {2020},
  volume  = {17},
  pages   = {261--272},
  adsurl  = {https://rdcu.be/b08Wh},
  doi     = {10.1038/s41592-019-0686-2},
}

@ARTICLE{spekkens07,
       author = {{Spekkens}, Kristine and {Sellwood}, J.~A.},
        title = "{Modeling Noncircular Motions in Disk Galaxies: Application to NGC 2976}",
      journal = {\apj},
     keywords = {Cosmology: Dark Matter, galaxies: individual (NGC 2976), Galaxies: Kinematics and Dynamics, Galaxies: Spiral, Galaxies: Structure, Astrophysics},
         year = 2007,
        month = jul,
       volume = {664},
       number = {1},
        pages = {204-214},
          doi = {10.1086/518471},
archivePrefix = {arXiv},
       eprint = {astro-ph/0703688},
 primaryClass = {astro-ph},
       adsurl = {https://ui.adsabs.harvard.edu/abs/2007ApJ...664..204S},
      adsnote = {Provided by the SAO/NASA Astrophysics Data System}
}

@ARTICLE{dynesty,
	author = {{Speagle}, Joshua S.},
	title = "{DYNESTY: a dynamic nested sampling package for estimating Bayesian posteriors and evidences}",
	journal = {\mnras},
	keywords = {methods: data analysis, methods: statistical, Astrophysics - Instrumentation and Methods for Astrophysics, Statistics - Computation},
	year = 2020,
	month = apr,
	volume = {493},
	number = {3},
	pages = {3132-3158},
	doi = {10.1093/mnras/staa278},
	archivePrefix = {arXiv},
	eprint = {1904.02180},
	primaryClass = {astro-ph.IM},
	adsurl = {https://ui.adsabs.harvard.edu/abs/2020MNRAS.493.3132S},
	adsnote = {Provided by the SAO/NASA Astrophysics Data System}
}

@INPROCEEDINGS{skilling04,
	author = {{Skilling}, John},
	title = "{Nested Sampling}",
	keywords = {02.50.Tt, Inference methods},
	booktitle = {Bayesian Inference and Maximum Entropy Methods in Science and Engineering: 24th International Workshop on Bayesian Inference and Maximum Entropy Methods in Science and Engineering},
	year = 2004,
	editor = {{Fischer}, Rainer and {Preuss}, Roland and {Toussaint}, Udo Von},
	series = {American Institute of Physics Conference Series},
	volume = {735},
	month = nov,
	pages = {395-405},
	doi = {10.1063/1.1835238},
	adsurl = {https://ui.adsabs.harvard.edu/abs/2004AIPC..735..395S},
	adsnote = {Provided by the SAO/NASA Astrophysics Data System}
}

@article{skilling06,
	author = {John Skilling},
	title = {{Nested sampling for general Bayesian computation}},
	volume = {1},
	journal = {Bayesian Analysis},
	number = {4},
	publisher = {International Society for Bayesian Analysis},
	pages = {833 -- 859},
	keywords = {algorithm, annealing, Bayesian computation, evidence, marginal likelihood, Model selection, nest, phase change},
	year = {2006},
	doi = {10.1214/06-BA127},
	URL = {https://doi.org/10.1214/06-BA127}
}

@ARTICLE{feroz09,
	author = {{Feroz}, F. and {Hobson}, M.~P. and {Bridges}, M.},
	title = "{MULTINEST: an efficient and robust Bayesian inference tool for cosmology and particle physics}",
	journal = {\mnras},
	keywords = {methods: data analysis, methods: statistical, Astrophysics},
	year = 2009,
	month = oct,
	volume = {398},
	number = {4},
	pages = {1601-1614},
	doi = {10.1111/j.1365-2966.2009.14548.x},
	archivePrefix = {arXiv},
	eprint = {0809.3437},
	primaryClass = {astro-ph},
	adsurl = {https://ui.adsabs.harvard.edu/abs/2009MNRAS.398.1601F},
	adsnote = {Provided by the SAO/NASA Astrophysics Data System}
}



